@Book{ToselliWidlund,
  author =       {A. Toselli and O. Widlund},
  title =        {{D}omain {D}ecomposition {M}ethods- {A}lgorithms and {T}heory},
  publisher =    {Springer Series in Computational Mathematics},
  year =         {2005},
  volume =       {34},
  OPTkey =       {},
  OPTnumber =    {},
  OPTseries =    {},
  OPTaddress =   {},
  OPTedition =   {},
  OPTmonth =     {},
  OPTnote =      {},
  OPTannote =    {}
}
